@article{ecnu-thesis,
  title={华东师大硕士论文模板},
  author={Jianyu Pan},
  url={http://math.ecnu.edu.cn/~jypan/Teaching/Latex/}
}


